@inproceedings{wallach2006topic,
  title={Topic modeling: beyond bag-of-words},
  author={Wallach, Hanna M},
  booktitle={Proceedings of the 23rd international conference on Machine learning},
  pages={977--984},
  year={2006},
  organization={ACM}
}

@article{liu2012sentiment,
  title={Sentiment analysis and opinion mining},
  author={Liu, Bing},
  journal={Synthesis lectures on human language technologies},
  volume={5},
  number={1},
  pages={1--167},
  year={2012},
  publisher={Morgan \& Claypool Publishers}
}

@article{traud2011comparing,
  title={Comparing community structure to characteristics in online collegiate social networks},
  author={Traud, Amanda L and Kelsic, Eric D and Mucha, Peter J and Porter, Mason A},
  journal={SIAM review},
  volume={53},
  number={3},
  pages={526--543},
  year={2011},
  publisher={SIAM}
}

@inproceedings{patil2012modeling,
  title={Modeling destructive group dynamics in on-line gaming communities},
  author={Patil, Akshay and Liu, Juan and Price, Bob and Sharara, Hossam and Brdiczka, Oliver},
  booktitle={Sixth International AAAI Conference on Weblogs and Social Media},
  year={2012}
}

@inproceedings{wang2019ynu,
  title={YNU NLP at SemEval-2019 Task 5: Attention and Capsule Ensemble for Identifying Hate Speech},
  author={Wang, Bin and Ding, Haiyan},
  booktitle={Proceedings of the 13th International Workshop on Semantic Evaluation},
  pages={529--534},
  year={2019}
}

